<?xml version="1.0" encoding="UTF-8"?><collection xmlns="http://www.loc.gov/MARC21/slim"><record><leader>00460nam--2200157-i-4500</leader><controlfield tag="001">000029631</controlfield><controlfield tag="002">20161230</controlfield><controlfield tag="005">20170122002043</controlfield><controlfield tag="008">060222s1000------------r-----000-0-eng-d</controlfield><datafield ind1=" " ind2=" " tag="100"><subfield code="a">Lagasse De Locht, Baudomin</subfield></datafield><datafield ind1=" " ind2=" " tag="245"><subfield code="a">L`energie nucleaire et la coordination mondiale des aures sources d`energie</subfield></datafield><datafield ind1=" " ind2=" " tag="260"><subfield code="a">Paris</subfield><subfield code="b">Ed. Universitaires</subfield><subfield code="c">1957</subfield></datafield><datafield ind1=" " ind2=" " tag="300"><subfield code="a">198-203 p</subfield></datafield><datafield ind1=" " ind2=" " tag="490"><subfield code="a">Ecyclopedie Universitaire</subfield></datafield><datafield ind1=" " ind2=" " tag="852"><subfield code="a">12591</subfield></datafield><datafield ind1=" " ind2=" " tag="CAT"><subfield code="a">SYS</subfield><subfield code="c">20170122</subfield><subfield code="h">002043</subfield></datafield></record></collection>